@article{Lee:2007:LBF:1275986.1275990,
 author = {Lee, Sang-Won and Park, Dong-Joo and Chung, Tae-Sun and Lee, Dong-Ho and Park, Sangwon and Song, Ha-Joo},
 title = {A log buffer-based flash translation layer using fully-associative sector translation},
 journal = {ACM Trans. Embed. Comput. Syst.},
 issue_date = {July 2007},
 volume = {6},
 number = {3},
 month = jul,
 year = {2007},
 issn = {1539-9087},
 articleno = {18},
 url = {http://doi.acm.org/10.1145/1275986.1275990},
 doi = {10.1145/1275986.1275990},
 acmid = {1275990},
 publisher = {ACM},
 address = {New York, NY, USA},
 keywords = {FTL, Flash memory, address translation, associative mapping, log blocks},
}

@misc{lee2009hybrid,
  title={Hybrid disk drive and method of controlling data therein},
  author={Lee, J.},
  year={2009},
  month=oct # "~20",
  publisher={Google Patents},
  note={US Patent 7,606,970},
}

@INPROCEEDINGS{5366764, 
author={Xiaojian Wu and Reddy, A.L.N.}, 
booktitle={Modeling, Analysis Simulation of Computer and Telecommunication Systems, 2009. MASCOTS '09. IEEE International Symposium on}, title={Managing storage space in a flash and disk hybrid storage system}, 
year={2009}, 
month={sept.}, 
volume={}, 
number={}, 
pages={1 -4}, 
keywords={Linux testbed;data blocks migration;disk drives;flash drives;hybrid storage system;storage space management;workload properties balancing;Linux;disc drives;flash memories;storage management;}, 
doi={10.1109/MASCOT.2009.5366764}, 
ISSN={1526-7539},}

@inproceedings{Chen:2009:SSA:1581383.1582173,
 author = {Chen, Zhiguang and Xiao, Nong and Liu, Fang and Zhao, Yingjie},
 title = {SSARC: The Short-Sighted Adaptive Replacement Cache},
 booktitle = {Proceedings of the 2009 11th IEEE International Conference on High Performance Computing and Communications},
 series = {HPCC '09},
 year = {2009},
 isbn = {978-0-7695-3738-2},
 pages = {551--556},
 numpages = {6},
 url = {http://dx.doi.org/10.1109/HPCC.2009.82},
 doi = {10.1109/HPCC.2009.82},
 acmid = {1582173},
 publisher = {IEEE Computer Society},
 address = {Washington, DC, USA},
 keywords = {SSARC, Cache, storge, adaptive},
} 

@inproceedings{Lee:2011:DFS:2053479.2053703,
 author = {Lee, Sehwan and Lee, Bitna and Koh, Kern and Bahn, Hyokyung},
 title = {A Demand-Based FTL Scheme Using Dualistic Approach on Data Blocks and Translation Blocks},
 booktitle = {Proceedings of the 2011 IEEE17th  International Conference on Embedded and Real-Time Computing Systems and Applications - Volume 01},
 series = {RTCSA '11},
 year = {2011},
 isbn = {978-0-7695-4502-8},
 pages = {167--176},
 numpages = {10},
 url = {http://dx.doi.org/10.1109/RTCSA.2011.37},
 doi = {10.1109/RTCSA.2011.37},
 acmid = {2053703},
 publisher = {IEEE Computer Society},
 address = {Washington, DC, USA},
 keywords = {flash memory, flash translation layer, demand paging},
} 

@article{Megiddo:2004:OLA:987521.987557,
 author = {Megiddo, Nimrod and Modha, Dharmendra S.},
 title = {Outperforming LRU with an Adaptive Replacement Cache Algorithm},
 journal = {Computer},
 issue_date = {April 2004},
 volume = {37},
 number = {4},
 month = apr,
 year = {2004},
 issn = {0018-9162},
 pages = {58--65},
 numpages = {8},
 url = {http://dx.doi.org/10.1109/MC.2004.1297303},
 doi = {10.1109/MC.2004.1297303},
 acmid = {987557},
 publisher = {IEEE Computer Society Press},
 address = {Los Alamitos, CA, USA},
} 

@inproceedings{Gill:2005:SSP:1247360.1247393,
 author = {Gill, Binny S. and Modha, Dharmendra S.},
 title = {SARC: sequential prefetching in adaptive replacement cache},
 booktitle = {Proceedings of the annual conference on USENIX Annual Technical Conference},
 series = {ATEC '05},
 year = {2005},
 location = {Anaheim, CA},
 pages = {33--33},
 numpages = {1},
 url = {http://dl.acm.org/citation.cfm?id=1247360.1247393},
 acmid = {1247393},
 publisher = {USENIX Association},
 address = {Berkeley, CA, USA},
} 

@inproceedings{QingsongWei:2011:WWA:2060107.2060774,
 author = {Qingsong Wei and Bozhao Gong and Pathak, Suraj and Veeravalli, Bharadwaj and LingFang Zeng and Okada, Kanzo},
 title = {WAFTL: A workload adaptive flash translation layer with data partition},
 booktitle = {Proceedings of the 2011 IEEE 27th Symposium on Mass Storage Systems and Technologies},
 series = {MSST '11},
 year = {2011},
 isbn = {978-1-4577-0427-7},
 pages = {1--12},
 numpages = {12},
 url = {http://dx.doi.org/10.1109/MSST.2011.5937217},
 doi = {10.1109/MSST.2011.5937217},
 acmid = {2060774},
 publisher = {IEEE Computer Society},
 address = {Washington, DC, USA},
} 

@article{Mao:2012:HHP:2093139.2093143,
 author = {Mao, Bo and Jiang, Hong and Wu, Suzhen and Tian, Lei and Feng, Dan and Chen, Jianxi and Zeng, Lingfang},
 title = {HPDA: A hybrid parity-based disk array for enhanced performance and reliability},
 journal = {Trans. Storage},
 issue_date = {February 2012},
 volume = {8},
 number = {1},
 month = feb,
 year = {2012},
 issn = {1553-3077},
 pages = {4:1--4:20},
 articleno = {4},
 numpages = {20},
 url = {http://doi.acm.org/10.1145/2093139.2093143},
 doi = {10.1145/2093139.2093143},
 acmid = {2093143},
 publisher = {ACM},
 address = {New York, NY, USA},
 keywords = {RAID, SSD, Storage systems, performance, reliability},
} 

@inproceedings{Jo:2009:SVD:1884795.1884839,
 author = {Jo, Heeseung and Kwon, Youngjin and Kim, Hwanju and Seo, Euiseong and Lee, Joonwon and Maeng, Seungryoul},
 title = {SSD-HDD-hybrid virtual disk in consolidated environments},
 booktitle = {Proceedings of the 2009 international conference on Parallel processing},
 series = {Euro-Par'09},
 year = {2010},
 isbn = {3-642-14121-8, 978-3-642-14121-8},
 location = {Delft, The Netherlands},
 pages = {375--384},
 numpages = {10},
 url = {http://dl.acm.org/citation.cfm?id=1884795.1884839},
 acmid = {1884839},
 publisher = {Springer-Verlag},
 address = {Berlin, Heidelberg},
 keywords = {consolidation, copy-on-write (CoW), hybrid storage, virtual machine (VM)},
} 

@inproceedings{Makatos:2010:UTC:1755913.1755915,
 author = {Makatos, Thanos and Klonatos, Yannis and Marazakis, Manolis and Flouris, Michail D. and Bilas, Angelos},
 title = {Using transparent compression to improve SSD-based I/O caches},
 booktitle = {Proceedings of the 5th European conference on Computer systems},
 series = {EuroSys '10},
 year = {2010},
 isbn = {978-1-60558-577-2},
 location = {Paris, France},
 pages = {1--14},
 numpages = {14},
 url = {http://doi.acm.org/10.1145/1755913.1755915},
 doi = {10.1145/1755913.1755915},
 acmid = {1755915},
 publisher = {ACM},
 address = {New York, NY, USA},
 keywords = {I/O performance, evaluation, online block-level compression, solid state disk caches},
} 

@article{Klonatos:2012:TOS:2180905.2180906,
 author = {Klonatos, Yannis and Makatos, Thanos and Marazakis, Manolis and Flouris, Michail D. and Bilas, Angelos},
 title = {Transparent Online Storage Compression at the Block-Level},
 journal = {Trans. Storage},
 issue_date = {May 2012},
 volume = {8},
 number = {2},
 month = may,
 year = {2012},
 issn = {1553-3077},
 pages = {5:1--5:33},
 articleno = {5},
 numpages = {33},
 url = {http://doi.acm.org/10.1145/2180905.2180906},
 doi = {10.1145/2180905.2180906},
 acmid = {2180906},
 publisher = {ACM},
 address = {New York, NY, USA},
 keywords = {Block-level compression, SSD-based I/O cache},
} 

@inproceedings{Saxena:2012:FLC:2168836.2168863,
 author = {Saxena, Mohit and Swift, Michael M. and Zhang, Yiying},
 title = {FlashTier: a lightweight, consistent and durable storage cache},
 booktitle = {Proceedings of the 7th ACM european conference on Computer Systems},
 series = {EuroSys '12},
 year = {2012},
 isbn = {978-1-4503-1223-3},
 location = {Bern, Switzerland},
 pages = {267--280},
 numpages = {14},
 url = {http://doi.acm.org/10.1145/2168836.2168863},
 doi = {10.1145/2168836.2168863},
 acmid = {2168863},
 publisher = {ACM},
 address = {New York, NY, USA},
 keywords = {consistency, device interface, durability, solid-state cache},
} 